%% This BibTeX bibliography file was created using BibDesk.
%% http://bibdesk.sourceforge.net/


%% Created for Ivica NakiÄ‡ at 2009-10-31 16:17:17 +0100 


%% Saved with string encoding Unicode (UTF-8) 

@article{DBLP:journals/corr/Chen15n,
  author    = {Hao Chen},
  title     = {Explicit {RIP} Matrices in Compressed Sensing from Algebraic Geometry},
  journal   = {CoRR},
  volume    = {abs/1505.07490},
  year      = {2015},
  url       = {http://arxiv.org/abs/1505.07490},
  archivePrefix = {arXiv},
  eprint    = {1505.07490},
  timestamp = {Mon, 13 Aug 2018 16:48:32 +0200},
  biburl    = {https://dblp.org/rec/bib/journals/corr/Chen15n},
  bibsource = {dblp computer science bibliography, https://dblp.org}
}

@ARTICLE{2010arXiv1008.4535B,
       author = {{Bourgain}, Jean and {Dilworth}, S.~J. and {Ford}, Kevin and
         {Konyagin}, Sergei and {Kutzarova}, Denka},
        title = "{Explicit constructions of RIP matrices and related problems}",
      journal = {arXiv e-prints},
     keywords = {Mathematics - Number Theory, Computer Science - Information Theory, 11T23 (Primary), 11B13 (Secondary), 11B30, 41A46, 94A12, 94B60},
         year = "2010",
        month = "Aug",
          eid = {arXiv:1008.4535},
        pages = {arXiv:1008.4535},
archivePrefix = {arXiv},
       eprint = {1008.4535},
 primaryClass = {math.NT},
       adsurl = {https://ui.adsabs.harvard.edu/abs/2010arXiv1008.4535B},
      adsnote = {Provided by the SAO/NASA Astrophysics Data System}
}

@ARTICLE{2012arXiv1205.2081T,
       author = {{Tillmann}, Andreas M. and {Pfetsch}, Marc E.},
        title = "{The Computational Complexity of the Restricted Isometry Property, the Nullspace Property, and Related Concepts in Compressed Sensing}",
      journal = {arXiv e-prints},
     keywords = {Mathematics - Optimization and Control, Computer Science - Information Theory},
         year = "2012",
        month = "May",
          eid = {arXiv:1205.2081},
        pages = {arXiv:1205.2081},
archivePrefix = {arXiv},
       eprint = {1205.2081},
 primaryClass = {math.OC},
       adsurl = {https://ui.adsabs.harvard.edu/abs/2012arXiv1205.2081T},
      adsnote = {Provided by the SAO/NASA Astrophysics Data System}
}

